@ARTICLE{topologies, 
author={P. Baran}, 
journal={IEEE Transactions on Communications Systems}, 
title={On Distributed Communications Networks}, 
year={1964}, 
volume={12}, 
number={1}, 
pages={1-9}, 
keywords={Buildings;Centralized control;Communication networks;Communication switching;Communication system control;History;Information systems;Network synthesis;Routing;Telecommunication network reliability}, 
doi={10.1109/TCOM.1964.1088883}, 
ISSN={0096-1965}, 
month={March},}

@article{ctms,
    author = {Fegan, Greg W AND Lang, Trudie A},
    journal = {PLOS Medicine},
    publisher = {Public Library of Science},
    title = {Could an Open-Source Clinical Trial Data-Management System Be What We Have All Been Looking For?},
    year = {2008},
    month = {03},
    volume = {5},
    url = {https://doi.org/10.1371/journal.pmed.0050006},
    pages = {1-3},
    abstract = {The authors argue that research organizations and funders should combine efforts to produce an open-source solution for trial data management.},
    number = {3},
    doi = {10.1371/journal.pmed.0050006}
}